<record><leader>00000cas a2200000 a 4500</leader><controlfield tag="001">71391209</controlfield><controlfield tag="007">hd afb---bucu</controlfield><controlfield tag="007">hd bfb---bubu</controlfield><controlfield tag="008">060920d19131918wauwr nea     0    0eng c</controlfield><datafield ind1=" " ind2=" " tag="010"><subfield code="a">  2006252813</subfield></datafield><datafield ind1=" " ind2=" " tag="040"><subfield code="a">WAU</subfield><subfield code="b">eng</subfield><subfield code="c">WAU</subfield><subfield code="d">OCLCQ</subfield><subfield code="d">OCLCF</subfield><subfield code="d">OCLCQ</subfield></datafield><datafield ind1=" " ind2=" " tag="042"><subfield code="a">pcc</subfield></datafield><datafield ind1=" " ind2=" " tag="043"><subfield code="a">n-us-wa</subfield></datafield><datafield ind1="0" ind2="0" tag="245"><subfield code="a">Port Angeles olympic-leader.</subfield></datafield><datafield ind1="1" ind2="3" tag="246"><subfield code="a">Olympic leader</subfield></datafield><datafield ind1=" " ind2=" " tag="260"><subfield code="a">Port Angeles, Wash. :</subfield><subfield code="b">Webster &amp; Webster</subfield></datafield><datafield ind1=" " ind2=" " tag="300"><subfield code="a">volumes</subfield></datafield><datafield ind1=" " ind2=" " tag="310"><subfield code="a">Weekly</subfield></datafield><datafield ind1=" " ind2=" " tag="336"><subfield code="a">text</subfield><subfield code="b">txt</subfield><subfield code="2">rdacontent</subfield></datafield><datafield ind1=" " ind2=" " tag="337"><subfield code="a">microform</subfield><subfield code="b">h</subfield><subfield code="2">rdamedia</subfield></datafield><datafield ind1=" " ind2=" " tag="338"><subfield code="a">microfilm reel</subfield><subfield code="b">hd</subfield><subfield code="2">rdacarrier</subfield></datafield><datafield ind1="1" ind2=" " tag="362"><subfield code="a">Began May 9, 1913.</subfield></datafield><datafield ind1="1" ind2=" " tag="362"><subfield code="a">Ceased in 1918?</subfield></datafield><datafield ind1=" " ind2=" " tag="580"><subfield code="a">Formed by the union of: Port Angeles olympic, and: Port Angeles leader (Port Angeles, Wash. : 1913).</subfield></datafield><datafield ind1=" " ind2=" " tag="580"><subfield code="a">Merged with: Tribune-times (Port Angeles, Wash.), to form: Olympic-tribune.</subfield></datafield><datafield ind1=" " ind2=" " tag="588"><subfield code="a">Description based on: Vol. 31, no. 20 (May 14, 1915).</subfield></datafield><datafield ind1=" " ind2=" " tag="588"><subfield code="a">Latest issue consulted: V. 32, no. 49 (Dec. 12, 1916).</subfield></datafield><datafield ind1=" " ind2=" " tag="533"><subfield code="a">Microfilm.</subfield><subfield code="b">[Seattle, Wash. :</subfield><subfield code="c">Filmed by University of Washington Library].</subfield><subfield code="e">1 microfilm reel ; 35 mm.</subfield><subfield code="n">Filmed with: Olympic-leader (Port Angeles, Wash.).</subfield></datafield><datafield ind1=" " ind2="0" tag="651"><subfield code="a">Port Angeles (Wash.)</subfield><subfield code="v">Newspapers.</subfield></datafield><datafield ind1=" " ind2="7" tag="651"><subfield code="a">Washington (State)</subfield><subfield code="z">Port Angeles.</subfield><subfield code="2">fast</subfield><subfield code="0">(OCoLC)fst01218853</subfield></datafield><datafield ind1=" " ind2="7" tag="655"><subfield code="a">Newspapers.</subfield><subfield code="2">fast</subfield><subfield code="0">(OCoLC)fst01423814</subfield></datafield><datafield ind1=" " ind2=" " tag="752"><subfield code="a">United States</subfield><subfield code="b">Washington</subfield><subfield code="c">Clallam</subfield><subfield code="d">Port Angeles.</subfield></datafield><datafield ind1="1" ind2=" " tag="776"><subfield code="c">Original</subfield><subfield code="w">(DLC)sn 87093065</subfield><subfield code="w">(OCoLC)17009429</subfield></datafield><datafield ind1="1" ind2="4" tag="780"><subfield code="t">Port Angeles olympic</subfield></datafield><datafield ind1="1" ind2="4" tag="780"><subfield code="t">Port Angeles leader (Port Angeles, Wash. : 1913)</subfield></datafield><datafield ind1="1" ind2="7" tag="785"><subfield code="t">Tribune-times (Port Angeles, Wash.)</subfield></datafield><datafield ind1="1" ind2="7" tag="785"><subfield code="t">Olympic-tribune</subfield><subfield code="w">(DLC)  2006252814</subfield><subfield code="w">(OCoLC)71391028</subfield></datafield><datafield ind1="1" ind2=" " tag="029"><subfield code="a">AU@</subfield><subfield code="b">000040927290</subfield></datafield></record>